@book{
	openstax-physics,
	title = {OpenStax College Physics for AP® Courses},
	year = {2015},
	author = {Gregg Wolfe and Erika Gasper and John Stoke and Julie Kretchman and David Anderson and Nathan Czuba and Sudhi Oberoi and Liza Pujji and Irina Lyublinskaya and Douglas Ingram},
	publisher = {Rice University}
}

@misc{
	hyperphysics-pendl,
	howpublished = {\url{http://hyperphysics.phy-astr.gsu.edu/hbase/pendl.html}},
	title = {Large Amplitude Pendulum},
	organization = {Georgia State University},
	author = {Nave, C. R.}
}

@misc{
	hyperphysics-oscda,
	howpublished = {\url{http://hyperphysics.phy-astr.gsu.edu/hbase/oscda.html}},
	title = {Damped harmonic oscillator},
	organization = {Georgia State University},
	author = {Nave, C. R.}
}

@misc{
	wikipedia-q,
	howpublished = {\url{https://en.wikipedia.org/wiki/Q_factor}},
	title = {Q factor},
	organization = {WikiMedia Foundation}
}

@misc{
	quadratic-damp,
	howpublished = {\url{https://aapt.scitation.org/doi/10.1119/1.5124978}},
	title = {Damped harmonic oscillation: Linear or quadratic drag force?},
	organization = {American Association of Physics Teachers},
	author = {Hauko, R. and Repnik, R.},
	year = {1970},
	month = {Jan}
}

@misc{
	g-toronto,
	howpublished = {\url{https://www.wolframalpha.com/input?i=acceleration+due+to+gravity+in+Toronto%2C+Ontario}},
	title = {acceleration due to gravity in Toronto, Ontario - Wolfram{\textbar}Alpha}
}

@misc {
	pbm2001,
	howpublished = {\url{https://graphics.pixar.com/pbm2001/pdf/notesc.pdf}},
	title = {Physically Based Modeling: Particle System Dynamics},
	author = {Andrew Witkin},
	year = {2001}
}

@misc {
	desmos-log-mode,
	howpublished = {\url{https://help.desmos.com/hc/en-us/articles/204349605-Log-Mode}},
	title = {Log Mode – Desmos Help Center},
	organization = {Desmos Inc.}
}